<record><leader>00000cas a22000007a 4500</leader><controlfield tag="001">19773458</controlfield><controlfield tag="008">890527d19551974njuwr ne      0    0eng d</controlfield><datafield ind1=" " ind2=" " tag="010"><subfield code="a">sn 89069135 </subfield></datafield><datafield ind1=" " ind2=" " tag="040"><subfield code="a">NJW</subfield><subfield code="b">eng</subfield><subfield code="c">NJW</subfield><subfield code="d">OCLCQ</subfield></datafield><datafield ind1=" " ind2=" " tag="042"><subfield code="a">msc</subfield></datafield><datafield ind1="0" ind2="0" tag="245"><subfield code="a">South Somerset news.</subfield></datafield><datafield ind1=" " ind2=" " tag="260"><subfield code="a">Flagtown, N.J. :</subfield><subfield code="b">Nash Newspapers,</subfield><subfield code="c">1955-1974.</subfield></datafield><datafield ind1=" " ind2=" " tag="310"><subfield code="a">Weekly</subfield></datafield><datafield ind1="0" ind2=" " tag="362"><subfield code="a">Vol. 1, no. 1 (Oct. 6, 1955)-v. 20, no. 12 (Apr. 4, 1974).</subfield></datafield><datafield ind1=" " ind2=" " tag="500"><subfield code="a">Published by the Princeton Packet, Inc., &lt;1969&gt;-1974.</subfield></datafield><datafield ind1=" " ind2=" " tag="752"><subfield code="a">United States</subfield><subfield code="b">New Jersey</subfield><subfield code="c">Somerset</subfield><subfield code="d">Flagtown.</subfield></datafield><datafield ind1=" " ind2=" " tag="752"><subfield code="a">United States</subfield><subfield code="b">New Jersey</subfield><subfield code="c">Somerset</subfield><subfield code="d">Branchburg.</subfield></datafield><datafield ind1=" " ind2=" " tag="752"><subfield code="a">United States</subfield><subfield code="b">New Jersey</subfield><subfield code="c">Somerset</subfield><subfield code="d">Hillsborough.</subfield></datafield><datafield ind1=" " ind2=" " tag="752"><subfield code="a">United States</subfield><subfield code="b">New Jersey</subfield><subfield code="c">Somerset</subfield><subfield code="d">Montgomery.</subfield></datafield><datafield ind1="0" ind2="0" tag="785"><subfield code="t">Hillsborough beacon</subfield><subfield code="w">(DLC)sn 87068223</subfield><subfield code="w">(OCoLC)15649333</subfield></datafield></record>